@Article{Shinkarenko_2022,
  author    = {E.A. Shinkarenko},
  journal   = {Vestnik of Lobachevsky State University of Nizhni Novgorod. Series: Social Sciences},
  title     = {{CURRICULUM} {VITAE} {AS} {AN} {ELEMENT} {OF} {JOB} {SEARCH} {PRACTICES} {FOR} {YOUTH}},
  year      = {2022},
  number    = {2},
  pages     = {135--140},
  doi       = {10.52452/18115942_2022_2_135},
  publisher = {National Research Lobachevsky State University of Nizhny Novgorod},
}

@Article{Kosolapova_2020,
  author  = {Татьяна Валерьевна Косолапова},
  journal = {Поволжский педагогический вестник},
  title   = {Типологические особенности современного резюме на английском языке},
  year    = {2020},
  number  = {2 (27)},
  pages   = {30--35},
  volume  = {8},
}

@Article{Razin_2020,
  author  = {Сергей Александрович Разин},
  journal = {E-Scio},
  title   = {Что должен знать начинающий {N}ode.js разработчик},
  year    = {2020},
  volume  = {9},
}

@Article{Efremov_2020,
  author  = {Ефремов, В.М.},
  journal = {Инновационная наука},
  title   = {Разработка веб-сайта с использованием {B}ootstrap},
  year    = {2020},
  number  = {6},
  pages   = {40--42},
}

@Article{Bezruk_2017,
  author  = {Безрук, П.А.},
  journal = {Актуальные проблемы авиации и космонавтики},
  title   = {Разработка системы распределенного мониторинга компьютерной сети на основе rest {API}},
  year    = {2017},
  number  = {13},
  pages   = {94--95},
  volume  = {2},
}

@Article{Garin_2021,
  author  = {Максим Александрович Гарин and Дарья Константиновна Егорова and Салават Фаильевич Сайфетдинов},
  journal = {Огарёв-Online},
  title   = {Cоздание {W}orkflow аналитической платформы knime для анализа данных на примере вакансий сайта {H}ead{H}unter},
  year    = {2021},
  number  = {165},
  pages   = {1-6},
  volume  = {12},
}

@Article{Gruzin_2021,
  author  = {Никита Андреевич Грузин and Артём Александрович Голубничий},
  journal = {E-Scio},
  title   = {Обзор и сравнение хостингов для git-репозиториев: {B}itbucket, {G}ithub и {G}itlab},
  year    = {2021},
  number  = {1 (52)},
  pages   = {588--596},
}

@BOOK{hh_about,
title={О компании HeadHunter [{Э}лектронный ресурс]},
note={URL:~\url{https://saratov.hh.ru/article/28} (дата обращения 20.12.2022). Загл. с экр. Яз. рус.},
}

@BOOK{gh_cv,
title={Пишем резюме на GitHub. Краткий гайд [{Э}лектронный ресурс]},
note={URL:~\url{https://javarush.com/groups/posts/3424-pishem-rezjume-na-github} (дата обращения 20.12.2022). Загл. с экр. Яз. рус.},
}

@BOOK{tilda_template,
title={Шаблон сайта с резюме [{Э}лектронный ресурс]},
note={URL:~\url{https://tilda.cc/ru/tpls/sozdanie-saita-rezume/} (дата обращения 20.12.2022). Загл. с экр. Яз. рус.},
}

@Comment{jabref-meta: databaseType:bibtex;}
